@book{PMP-2010,
    title = {Polygon Mesh Processing},
    author = {Mario Botsch and Leif Kobbelt and Mark Pauly and Pierre Alliez and Bruno L\'{e}vy},
    year = {2010},
    url = {http://www.pmp-book.org/},
}

@book{AGI-2006,
    title = {Advanced Global Illumination},
    author = {Philip Dutr\'{e} and Kavita Bala and Philippe Bekaert},
    year = {2006},
}

@book{DDG-2007-Bobenko,
    title = {Discrete Differential Geometry},
    author = {Alexander I. Bobenko and Peter Schr\"{o}der and John M. Sullivan and G\"{u}nter M. Ziegler},
    year = {2007},
}

@book{DDG-AAI-2023-Crane,
    title = {Discrete Differential Geometry: An Applied Introduction},
    author = {Keenan Crane},
    year = {2023},
}

@article{Wang-2023-ECIG,
    title = {Exterior Calculus in Graphics},
    booktitle = {ACM SIGGRAPH 2023 courses},
    author = {Wang, Stephanie and Nabizadeh, Mohammad Sina and Chern, Albert},
    series = {SIGGRAPH '23},
    year = {2023},
}

@misc{DDG-2020-Chern,
    title = {Discrete Differential Geometry},
    author = {Albert Chern},
    url = {https://cseweb.ucsd.edu/~alchern/teaching/cse167_fa22/},
    year = {2020},
}

@book{RTR-2018-Moller,
    title = {Real-Time Rendering},
    author = {
        T. Akenine-M\"{o}ller and E. Haines and N. Hoffman and A. Pesce and M. Iwanicki and S. Hillaire
    },
    year = {2018},
}
