@book{Rie16,
author = "Emily Riehl",
title  = "Category Theory in Context",
year   = "2016",
}

@book{Aluf09,
author = "Paolo Aluffi",
title  = "Algebra: Chapter 0",
year   = "2009",
}

@book{Lang93,
author = "Serge Lang",
title  = "Algebra",
year   = "1993",
}

@book{Yu89,
author = "Yu I Manin and Alexei I Kostrikin",
title  = "Linear Algebra and Geometry",
year   = "1989",
}

@online{Kim20,
author = "Dongryul Kim",
title  = "A rough guide to linear algebra",
year   = "2020",
url    = "https://stanford.edu/~dkim04/assets/pdf/writings/LinAlg.pdf",
}

@book{Mun00,
author = "James Munkres",
title  = "Topology",
year   = "2000",
}

@book{Lee11,
author = "John Lee",
title  = "Introduction to Topological Manifolds",
year   = "2011",
}

@book{Tai20,
author = "Tai-Danae Bradley and Tyler Bryson and John Terilla",
title  = "Topology: A Categorical Approach",
year   = "2020",
}

@book{Eng89,
author = "Ryszard Engelking",
title  = "General Topology",
year   = "1989",
}

@book{Zor15,
author = "Vladmir A. Zorich",
title  = "Mathematical Analysis I",
year   = "2015",
}

@book{Zor16,
author = "Vladmir A. Zorich",
title  = "Mathematical Analysis II",
year   = "2016",
}

@book{Jost06,
author = "JÃ¼rgen Jost",
title  = "Postmodern Analysis",
year   = "2006",
}

@book{Rud76,
author = "Walter Rudin",
title  = "Principles of Mathematical Analysis",
year   = "1976",
}

@book{Die16,
author = "Reinhard Diestel",
title  = "Graph Theory",
year   = "2016",
}
